<record><leader>00000cas a22000007a 4500</leader><controlfield tag="001">11285348</controlfield><controlfield tag="008">841019d18731875couwr ne      0    0eng d</controlfield><datafield ind1=" " ind2=" " tag="010"><subfield code="a">sn 84027583 </subfield></datafield><datafield ind1=" " ind2=" " tag="040"><subfield code="a">NPU</subfield><subfield code="b">eng</subfield><subfield code="c">NPU</subfield><subfield code="d">CNQ</subfield><subfield code="d">OCLCQ</subfield><subfield code="d">COD</subfield></datafield><datafield ind1=" " ind2=" " tag="042"><subfield code="a">msc</subfield></datafield><datafield ind1="0" ind2="0" tag="245"><subfield code="a">Weekly Denver times.</subfield></datafield><datafield ind1="1" ind2="3" tag="246"><subfield code="a">Denver weekly times</subfield></datafield><datafield ind1=" " ind2=" " tag="260"><subfield code="a">Denver, Colo. :</subfield><subfield code="b">R.W. Woodbury</subfield></datafield><datafield ind1=" " ind2=" " tag="300"><subfield code="a">v.</subfield></datafield><datafield ind1=" " ind2=" " tag="310"><subfield code="a">Weekly</subfield></datafield><datafield ind1="0" ind2=" " tag="362"><subfield code="a">Feb. 19, 1873-Oct. 13, 1875.</subfield></datafield><datafield ind1=" " ind2=" " tag="752"><subfield code="a">United States</subfield><subfield code="b">Colorado</subfield><subfield code="c">Denver</subfield><subfield code="d">Denver.</subfield></datafield><datafield ind1="0" ind2=" " tag="775"><subfield code="t">Daily Denver times</subfield><subfield code="w">(DLC)sn 84027586</subfield></datafield><datafield ind1="0" ind2="0" tag="785"><subfield code="t">Denver weekly times</subfield><subfield code="w">(DLC)sn 84022325</subfield><subfield code="w">(OCoLC)1034935</subfield></datafield></record>